%YAML 1.1
%TAG !u! tag:unity3d.com,2011:
--- !u!54 &8376712000961667400
Rigidbody:
  m_ObjectHideFlags: 0
  m_CorrespondingSourceObject: {fileID: 0}
  m_PrefabInstance: {fileID: 0}
  m_PrefabAsset: {fileID: 0}
  m_GameObject: {fileID: 388284611309729330}
  serializedVersion: 2
  m_Mass: 1
  m_Drag: 0
  m_AngularDrag: 0.05
  m_UseGravity: 1
  m_IsKinematic: 0
  m_Interpolate: 0
  m_Constraints: 0
  m_CollisionDetection: 0
--- !u!65 &8376712000961667403
BoxCollider:
  m_ObjectHideFlags: 0
  m_CorrespondingSourceObject: {fileID: 0}
  m_PrefabInstance: {fileID: 0}
  m_PrefabAsset: {fileID: 0}
  m_GameObject: {fileID: 388284611309729330}
  m_Material: {fileID: 0}
  m_IsTrigger: 0
  m_Enabled: 1
  serializedVersion: 2
  m_Size: {x: 0.9372102, y: 5.41759, z: 0.3785401}
  m_Center: {x: 2.3430254, y: 2.708795, z: 0}
--- !u!65 &8376712001082583858
BoxCollider:
  m_ObjectHideFlags: 0
  m_CorrespondingSourceObject: {fileID: 0}
  m_PrefabInstance: {fileID: 0}
  m_PrefabAsset: {fileID: 0}
  m_GameObject: {fileID: 531954965379610205}
  m_Material: {fileID: 0}
  m_IsTrigger: 0
  m_Enabled: 1
  serializedVersion: 2
  m_Size: {x: 1, y: 1, z: 1}
  m_Center: {x: 0, y: 0, z: 0}
--- !u!114 &8376712001082583856
MonoBehaviour:
  m_ObjectHideFlags: 0
  m_CorrespondingSourceObject: {fileID: 0}
  m_PrefabInstance: {fileID: 0}
  m_PrefabAsset: {fileID: 0}
  m_GameObject: {fileID: 531954965379610205}
  m_Enabled: 1
  m_EditorHideFlags: 0
  m_Script: {fileID: 1384774831, guid: e743331561ef77147ae48cda9bcb8209, type: 3}
  m_Name: 
  m_EditorClassIdentifier: 
  fsm:
    dataVersion: 2
    usedInTemplate: {fileID: 0}
    name: FSM
    startState: Wait_Test
    states:
    - name: Wait_Test
      description: 
      colorIndex: 0
      position:
        serializedVersion: 2
        x: 50
        y: 100
        width: 100
        height: 32
      isBreakpoint: 0
      isSequence: 0
      hideUnused: 0
      transitions:
      - fsmEvent:
          name: FINISHED
          isSystemEvent: 1
          isGlobal: 0
        toState: Switch
        linkStyle: 0
        linkConstraint: 0
        colorIndex: 0
      actionData:
        actionNames:
        - HutongGames.PlayMaker.Actions.TriggerEvent
        customNames:
        - 
        actionEnabled: 01
        actionIsOpen: 01
        actionStartIndex: 00000000
        actionHashCodes: 9c512400
        unityObjectParams: []
        fsmGameObjectParams:
        - useVariable: 1
          name: 
          tooltip: 
          showInInspector: 0
          networkSync: 0
          value: {fileID: 0}
        fsmOwnerDefaultParams:
        - ownerOption: 1
          gameObject:
            useVariable: 0
            name: 
            tooltip: 
            showInInspector: 0
            networkSync: 0
            value: {fileID: 9097757521901355439}
        animationCurveParams: []
        functionCallParams: []
        fsmTemplateControlParams: []
        fsmEventTargetParams: []
        fsmPropertyParams: []
        layoutOptionParams: []
        fsmStringParams:
        - useVariable: 0
          name: 
          tooltip: 
          showInInspector: 0
          networkSync: 0
          value: Player
        fsmObjectParams: []
        fsmVarParams: []
        fsmArrayParams: []
        fsmEnumParams: []
        fsmFloatParams: []
        fsmIntParams: []
        fsmBoolParams: []
        fsmVector2Params: []
        fsmVector3Params: []
        fsmColorParams: []
        fsmRectParams: []
        fsmQuaternionParams: []
        stringParams:
        - FINISHED
        byteData: 00000000
        arrayParamSizes: 
        arrayParamTypes: []
        customTypeSizes: 
        customTypeNames: []
        paramDataType: 1400000007000000120000001700000013000000
        paramName:
        - gameObject
        - trigger
        - collideTag
        - sendEvent
        - storeCollider
        paramDataPos: 0000000000000000000000000000000000000000
        paramByteDataSize: 0000000004000000000000000000000000000000
    - name: Switch
      description: 
      colorIndex: 0
      position:
        serializedVersion: 2
        x: 267
        y: 107
        width: 100
        height: 16
      isBreakpoint: 0
      isSequence: 0
      hideUnused: 0
      transitions: []
      actionData:
        actionNames:
        - HutongGames.PlayMaker.Actions.DestroySelf
        - HutongGames.PlayMaker.Actions.ActivateGameObject
        customNames:
        - 
        - 
        actionEnabled: 0101
        actionIsOpen: 0101
        actionStartIndex: 0000000001000000
        actionHashCodes: 62f95203b2cf1000
        unityObjectParams: []
        fsmGameObjectParams: []
        fsmOwnerDefaultParams:
        - ownerOption: 1
          gameObject:
            useVariable: 0
            name: 
            tooltip: 
            showInInspector: 0
            networkSync: 0
            value: {fileID: 531954963722412067}
        animationCurveParams: []
        functionCallParams: []
        fsmTemplateControlParams: []
        fsmEventTargetParams: []
        fsmPropertyParams: []
        layoutOptionParams: []
        fsmStringParams: []
        fsmObjectParams: []
        fsmVarParams: []
        fsmArrayParams: []
        fsmEnumParams: []
        fsmFloatParams: []
        fsmIntParams: []
        fsmBoolParams:
        - useVariable: 0
          name: 
          tooltip: 
          showInInspector: 0
          networkSync: 0
          value: 0
        - useVariable: 0
          name: 
          tooltip: 
          showInInspector: 0
          networkSync: 0
          value: 1
        - useVariable: 0
          name: 
          tooltip: 
          showInInspector: 0
          networkSync: 0
          value: 1
        fsmVector2Params: []
        fsmVector3Params: []
        fsmColorParams: []
        fsmRectParams: []
        fsmQuaternionParams: []
        stringParams: []
        byteData: 0000
        arrayParamSizes: 
        arrayParamTypes: []
        customTypeSizes: 
        customTypeNames: []
        paramDataType: 110000001400000011000000110000000100000001000000
        paramName:
        - detachChildren
        - gameObject
        - activate
        - recursive
        - resetOnExit
        - everyFrame
        paramDataPos: 000000000000000001000000020000000000000001000000
        paramByteDataSize: 000000000000000000000000000000000100000001000000
    events:
    - name: FINISHED
      isSystemEvent: 1
      isGlobal: 0
    globalTransitions: []
    variables:
      floatVariables: []
      intVariables: []
      boolVariables: []
      stringVariables: []
      vector2Variables: []
      vector3Variables: []
      colorVariables: []
      rectVariables: []
      quaternionVariables: []
      gameObjectVariables: []
      objectVariables: []
      materialVariables: []
      textureVariables: []
      arrayVariables: []
      enumVariables: []
      categories:
      - 
      variableCategoryIDs: 
    description: 
    docUrl: 
    showStateLabel: 0
    maxLoopCount: 0
    watermark: 
    password: 
    locked: 0
    manualUpdate: 0
    keepDelayedEventsOnStateExit: 0
    preprocessed: 1
    ExposedEvents: []
    RestartOnEnable: 1
    EnableDebugFlow: 0
    EnableBreakpoints: 1
    editorFlags: 1
    activeStateName: 
    mouseEvents: 0
    handleLevelLoaded: 0
    handleTriggerEnter2D: 0
    handleTriggerExit2D: 0
    handleTriggerStay2D: 0
    handleCollisionEnter2D: 0
    handleCollisionExit2D: 0
    handleCollisionStay2D: 0
    handleTriggerEnter: 0
    handleTriggerExit: 0
    handleTriggerStay: 0
    handleCollisionEnter: 0
    handleCollisionExit: 0
    handleCollisionStay: 0
    handleParticleCollision: 0
    handleControllerColliderHit: 0
    handleJointBreak: 0
    handleJointBreak2D: 0
    handleOnGUI: 0
    handleFixedUpdate: 0
    handleLateUpdate: 0
    handleApplicationEvents: 0
    handleUiEvents: 0
    handleLegacyNetworking: 0
    handleAnimatorMove: 0
    handleAnimatorIK: 0
  fsmTemplate: {fileID: 0}
  eventHandlerComponentsAdded: 1
--- !u!54 &8376712000263611156
Rigidbody:
  m_ObjectHideFlags: 0
  m_CorrespondingSourceObject: {fileID: 0}
  m_PrefabInstance: {fileID: 0}
  m_PrefabAsset: {fileID: 0}
  m_GameObject: {fileID: 2315572989570966478}
  serializedVersion: 2
  m_Mass: 1
  m_Drag: 0
  m_AngularDrag: 0.05
  m_UseGravity: 1
  m_IsKinematic: 0
  m_Interpolate: 0
  m_Constraints: 0
  m_CollisionDetection: 0
--- !u!65 &8376712000263611159
BoxCollider:
  m_ObjectHideFlags: 0
  m_CorrespondingSourceObject: {fileID: 0}
  m_PrefabInstance: {fileID: 0}
  m_PrefabAsset: {fileID: 0}
  m_GameObject: {fileID: 2315572989570966478}
  m_Material: {fileID: 0}
  m_IsTrigger: 0
  m_Enabled: 1
  serializedVersion: 2
  m_Size: {x: 0.9372102, y: 5.8552103, z: 0.3785401}
  m_Center: {x: -2.3430254, y: 2.9276052, z: 0}
--- !u!54 &8376712000463407603
Rigidbody:
  m_ObjectHideFlags: 0
  m_CorrespondingSourceObject: {fileID: 0}
  m_PrefabInstance: {fileID: 0}
  m_PrefabAsset: {fileID: 0}
  m_GameObject: {fileID: 2927475493661710990}
  serializedVersion: 2
  m_Mass: 1
  m_Drag: 0
  m_AngularDrag: 0.05
  m_UseGravity: 1
  m_IsKinematic: 0
  m_Interpolate: 0
  m_Constraints: 0
  m_CollisionDetection: 0
--- !u!65 &8376712000463407614
BoxCollider:
  m_ObjectHideFlags: 0
  m_CorrespondingSourceObject: {fileID: 0}
  m_PrefabInstance: {fileID: 0}
  m_PrefabAsset: {fileID: 0}
  m_GameObject: {fileID: 2927475493661710990}
  m_Material: {fileID: 0}
  m_IsTrigger: 0
  m_Enabled: 1
  serializedVersion: 2
  m_Size: {x: 1.8744204, y: 5.9687405, z: 0.3785401}
  m_Center: {x: 1.8744205, y: 7.85081, z: 0}
--- !u!54 &8376711999728756950
Rigidbody:
  m_ObjectHideFlags: 0
  m_CorrespondingSourceObject: {fileID: 0}
  m_PrefabInstance: {fileID: 0}
  m_PrefabAsset: {fileID: 0}
  m_GameObject: {fileID: 3058110057613784698}
  serializedVersion: 2
  m_Mass: 1
  m_Drag: 0
  m_AngularDrag: 0.05
  m_UseGravity: 1
  m_IsKinematic: 0
  m_Interpolate: 0
  m_Constraints: 0
  m_CollisionDetection: 0
--- !u!65 &8376711999728756945
BoxCollider:
  m_ObjectHideFlags: 0
  m_CorrespondingSourceObject: {fileID: 0}
  m_PrefabInstance: {fileID: 0}
  m_PrefabAsset: {fileID: 0}
  m_GameObject: {fileID: 3058110057613784698}
  m_Material: {fileID: 0}
  m_IsTrigger: 0
  m_Enabled: 1
  serializedVersion: 2
  m_Size: {x: 0.93721026, y: 5.8552103, z: 0.3785401}
  m_Center: {x: -1.4058154, y: 2.9276052, z: 0}
--- !u!54 &8376712001021364474
Rigidbody:
  m_ObjectHideFlags: 0
  m_CorrespondingSourceObject: {fileID: 0}
  m_PrefabInstance: {fileID: 0}
  m_PrefabAsset: {fileID: 0}
  m_GameObject: {fileID: 3130543135314701606}
  serializedVersion: 2
  m_Mass: 1
  m_Drag: 0
  m_AngularDrag: 0.05
  m_UseGravity: 1
  m_IsKinematic: 0
  m_Interpolate: 0
  m_Constraints: 0
  m_CollisionDetection: 0
--- !u!65 &8376712001021364229
BoxCollider:
  m_ObjectHideFlags: 0
  m_CorrespondingSourceObject: {fileID: 0}
  m_PrefabInstance: {fileID: 0}
  m_PrefabAsset: {fileID: 0}
  m_GameObject: {fileID: 3130543135314701606}
  m_Material: {fileID: 0}
  m_IsTrigger: 0
  m_Enabled: 1
  serializedVersion: 2
  m_Size: {x: 0.93721026, y: 5.41759, z: 0.3785401}
  m_Center: {x: 0.46860513, y: 8.126385, z: 0}
--- !u!54 &8376711999508770341
Rigidbody:
  m_ObjectHideFlags: 0
  m_CorrespondingSourceObject: {fileID: 0}
  m_PrefabInstance: {fileID: 0}
  m_PrefabAsset: {fileID: 0}
  m_GameObject: {fileID: 3565526008700239690}
  serializedVersion: 2
  m_Mass: 1
  m_Drag: 0
  m_AngularDrag: 0.05
  m_UseGravity: 1
  m_IsKinematic: 0
  m_Interpolate: 0
  m_Constraints: 0
  m_CollisionDetection: 0
--- !u!65 &8376711999508770336
BoxCollider:
  m_ObjectHideFlags: 0
  m_CorrespondingSourceObject: {fileID: 0}
  m_PrefabInstance: {fileID: 0}
  m_PrefabAsset: {fileID: 0}
  m_GameObject: {fileID: 3565526008700239690}
  m_Material: {fileID: 0}
  m_IsTrigger: 0
  m_Enabled: 1
  serializedVersion: 2
  m_Size: {x: 1.8744205, y: 5.41759, z: 0.3785401}
  m_Center: {x: -0.93721026, y: 8.126385, z: 0}
--- !u!54 &8376711999934521226
Rigidbody:
  m_ObjectHideFlags: 0
  m_CorrespondingSourceObject: {fileID: 0}
  m_PrefabInstance: {fileID: 0}
  m_PrefabAsset: {fileID: 0}
  m_GameObject: {fileID: 5423162069762238088}
  serializedVersion: 2
  m_Mass: 1
  m_Drag: 0
  m_AngularDrag: 0.05
  m_UseGravity: 1
  m_IsKinematic: 0
  m_Interpolate: 0
  m_Constraints: 0
  m_CollisionDetection: 0
--- !u!65 &8376711999934521237
BoxCollider:
  m_ObjectHideFlags: 0
  m_CorrespondingSourceObject: {fileID: 0}
  m_PrefabInstance: {fileID: 0}
  m_PrefabAsset: {fileID: 0}
  m_GameObject: {fileID: 5423162069762238088}
  m_Material: {fileID: 0}
  m_IsTrigger: 0
  m_Enabled: 1
  serializedVersion: 2
  m_Size: {x: 0.93721026, y: 5.41759, z: 0.3785401}
  m_Center: {x: 1.4058154, y: 2.708795, z: 0}
--- !u!54 &8376711999752028914
Rigidbody:
  m_ObjectHideFlags: 0
  m_CorrespondingSourceObject: {fileID: 0}
  m_PrefabInstance: {fileID: 0}
  m_PrefabAsset: {fileID: 0}
  m_GameObject: {fileID: 6461584060943989803}
  serializedVersion: 2
  m_Mass: 1
  m_Drag: 0
  m_AngularDrag: 0.05
  m_UseGravity: 1
  m_IsKinematic: 0
  m_Interpolate: 0
  m_Constraints: 0
  m_CollisionDetection: 0
--- !u!65 &8376711999752028925
BoxCollider:
  m_ObjectHideFlags: 0
  m_CorrespondingSourceObject: {fileID: 0}
  m_PrefabInstance: {fileID: 0}
  m_PrefabAsset: {fileID: 0}
  m_GameObject: {fileID: 6461584060943989803}
  m_Material: {fileID: 0}
  m_IsTrigger: 0
  m_Enabled: 1
  serializedVersion: 2
  m_Size: {x: 0.9372102, y: 5.41759, z: 0.3785401}
  m_Center: {x: -2.3430254, y: 8.126385, z: 0}
--- !u!54 &8376711999788235456
Rigidbody:
  m_ObjectHideFlags: 0
  m_CorrespondingSourceObject: {fileID: 0}
  m_PrefabInstance: {fileID: 0}
  m_PrefabAsset: {fileID: 0}
  m_GameObject: {fileID: 6700532634147251629}
  serializedVersion: 2
  m_Mass: 1
  m_Drag: 0
  m_AngularDrag: 0.05
  m_UseGravity: 1
  m_IsKinematic: 0
  m_Interpolate: 0
  m_Constraints: 0
  m_CollisionDetection: 0
--- !u!65 &8376711999788235459
BoxCollider:
  m_ObjectHideFlags: 0
  m_CorrespondingSourceObject: {fileID: 0}
  m_PrefabInstance: {fileID: 0}
  m_PrefabAsset: {fileID: 0}
  m_GameObject: {fileID: 6700532634147251629}
  m_Material: {fileID: 0}
  m_IsTrigger: 0
  m_Enabled: 1
  serializedVersion: 2
  m_Size: {x: 1.8744205, y: 5.74304, z: 0.3785401}
  m_Center: {x: 0, y: 2.87152, z: 0}
--- !u!1 &8376712001416405927
GameObject:
  m_ObjectHideFlags: 0
  m_CorrespondingSourceObject: {fileID: 0}
  m_PrefabInstance: {fileID: 0}
  m_PrefabAsset: {fileID: 0}
  serializedVersion: 6
  m_Component:
  - component: {fileID: 8376712001416405920}
  m_Layer: 0
  m_Name: Boar_Wall
  m_TagString: Untagged
  m_Icon: {fileID: 0}
  m_NavMeshLayer: 0
  m_StaticEditorFlags: 0
  m_IsActive: 1
--- !u!4 &8376712001416405920
Transform:
  m_ObjectHideFlags: 0
  m_CorrespondingSourceObject: {fileID: 0}
  m_PrefabInstance: {fileID: 0}
  m_PrefabAsset: {fileID: 0}
  m_GameObject: {fileID: 8376712001416405927}
  m_LocalRotation: {x: 0, y: 0, z: 0, w: 1}
  m_LocalPosition: {x: -7.861084, y: -17.916992, z: 290.73438}
  m_LocalScale: {x: 1, y: 1, z: 1}
  m_Children:
  - {fileID: 3547354229246579248}
  - {fileID: 3547354227596723278}
  m_Father: {fileID: 0}
  m_RootOrder: 0
  m_LocalEulerAnglesHint: {x: 0, y: 0, z: 0}
--- !u!65 &8376712000506789417
BoxCollider:
  m_ObjectHideFlags: 0
  m_CorrespondingSourceObject: {fileID: 0}
  m_PrefabInstance: {fileID: 0}
  m_PrefabAsset: {fileID: 0}
  m_GameObject: {fileID: 9097757521901355439}
  m_Material: {fileID: 0}
  m_IsTrigger: 1
  m_Enabled: 1
  serializedVersion: 2
  m_Size: {x: 5.6232615, y: 10.83518, z: 0.57950926}
  m_Center: {x: -8.077936e-28, y: 5.41759, z: -0.000000014901161}
--- !u!114 &7525459222304495312
MonoBehaviour:
  m_ObjectHideFlags: 0
  m_CorrespondingSourceObject: {fileID: 0}
  m_PrefabInstance: {fileID: 0}
  m_PrefabAsset: {fileID: 0}
  m_GameObject: {fileID: 9097757521901355439}
  m_Enabled: 1
  m_EditorHideFlags: 0
  m_Script: {fileID: 82786459, guid: e743331561ef77147ae48cda9bcb8209, type: 3}
  m_Name: 
  m_EditorClassIdentifier: 
  TargetFSMs: []
--- !u!1001 &8376711999668334420
PrefabInstance:
  m_ObjectHideFlags: 0
  serializedVersion: 2
  m_Modification:
    m_TransformParent: {fileID: 8376712001416405920}
    m_Modifications:
    - target: {fileID: -927199367670048503, guid: eb4857d7165dc8f40b106492e676ad96,
        type: 3}
      propertyPath: m_Name
      value: Boar_Wall_Together
      objectReference: {fileID: 0}
    - target: {fileID: -4216859302048453862, guid: eb4857d7165dc8f40b106492e676ad96,
        type: 3}
      propertyPath: m_LocalPosition.x
      value: 9.201085
      objectReference: {fileID: 0}
    - target: {fileID: -4216859302048453862, guid: eb4857d7165dc8f40b106492e676ad96,
        type: 3}
      propertyPath: m_LocalPosition.y
      value: -1.9930077
      objectReference: {fileID: 0}
    - target: {fileID: -4216859302048453862, guid: eb4857d7165dc8f40b106492e676ad96,
        type: 3}
      propertyPath: m_LocalPosition.z
      value: 1.9856262
      objectReference: {fileID: 0}
    - target: {fileID: -4216859302048453862, guid: eb4857d7165dc8f40b106492e676ad96,
        type: 3}
      propertyPath: m_LocalRotation.x
      value: -0
      objectReference: {fileID: 0}
    - target: {fileID: -4216859302048453862, guid: eb4857d7165dc8f40b106492e676ad96,
        type: 3}
      propertyPath: m_LocalRotation.y
      value: -0.7071061
      objectReference: {fileID: 0}
    - target: {fileID: -4216859302048453862, guid: eb4857d7165dc8f40b106492e676ad96,
        type: 3}
      propertyPath: m_LocalRotation.z
      value: -0
      objectReference: {fileID: 0}
    - target: {fileID: -4216859302048453862, guid: eb4857d7165dc8f40b106492e676ad96,
        type: 3}
      propertyPath: m_LocalRotation.w
      value: 0.70710754
      objectReference: {fileID: 0}
    - target: {fileID: -4216859302048453862, guid: eb4857d7165dc8f40b106492e676ad96,
        type: 3}
      propertyPath: m_RootOrder
      value: 1
      objectReference: {fileID: 0}
    - target: {fileID: -4216859302048453862, guid: eb4857d7165dc8f40b106492e676ad96,
        type: 3}
      propertyPath: m_LocalEulerAnglesHint.x
      value: 0
      objectReference: {fileID: 0}
    - target: {fileID: -4216859302048453862, guid: eb4857d7165dc8f40b106492e676ad96,
        type: 3}
      propertyPath: m_LocalEulerAnglesHint.y
      value: -90.00001
      objectReference: {fileID: 0}
    - target: {fileID: -4216859302048453862, guid: eb4857d7165dc8f40b106492e676ad96,
        type: 3}
      propertyPath: m_LocalEulerAnglesHint.z
      value: 0
      objectReference: {fileID: 0}
    - target: {fileID: 8405317065323677370, guid: eb4857d7165dc8f40b106492e676ad96,
        type: 3}
      propertyPath: m_Materials.Array.data[0]
      value: 
      objectReference: {fileID: 2100000, guid: 73cac7cba1ac04c419bfeff63ce3986a, type: 2}
    m_RemovedComponents: []
  m_SourcePrefab: {fileID: 100100000, guid: eb4857d7165dc8f40b106492e676ad96, type: 3}
--- !u!1 &531954965379610205 stripped
GameObject:
  m_CorrespondingSourceObject: {fileID: -927199367670048503, guid: eb4857d7165dc8f40b106492e676ad96,
    type: 3}
  m_PrefabInstance: {fileID: 8376711999668334420}
  m_PrefabAsset: {fileID: 0}
--- !u!4 &3547354227596723278 stripped
Transform:
  m_CorrespondingSourceObject: {fileID: -4216859302048453862, guid: eb4857d7165dc8f40b106492e676ad96,
    type: 3}
  m_PrefabInstance: {fileID: 8376711999668334420}
  m_PrefabAsset: {fileID: 0}
--- !u!1 &9097757521901355439 stripped
GameObject:
  m_CorrespondingSourceObject: {fileID: 721056895991426811, guid: eb4857d7165dc8f40b106492e676ad96,
    type: 3}
  m_PrefabInstance: {fileID: 8376711999668334420}
  m_PrefabAsset: {fileID: 0}
--- !u!1001 &8376712001298200874
PrefabInstance:
  m_ObjectHideFlags: 0
  serializedVersion: 2
  m_Modification:
    m_TransformParent: {fileID: 8376712001416405920}
    m_Modifications:
    - target: {fileID: -927199367670048503, guid: 1fe1a53cfc612414484b160269dc956b,
        type: 3}
      propertyPath: m_Name
      value: Wall_Broken
      objectReference: {fileID: 0}
    - target: {fileID: -927199367670048503, guid: 1fe1a53cfc612414484b160269dc956b,
        type: 3}
      propertyPath: m_IsActive
      value: 0
      objectReference: {fileID: 0}
    - target: {fileID: -4216859302048453862, guid: 1fe1a53cfc612414484b160269dc956b,
        type: 3}
      propertyPath: m_LocalPosition.x
      value: 9.151084
      objectReference: {fileID: 0}
    - target: {fileID: -4216859302048453862, guid: 1fe1a53cfc612414484b160269dc956b,
        type: 3}
      propertyPath: m_LocalPosition.y
      value: -2.003008
      objectReference: {fileID: 0}
    - target: {fileID: -4216859302048453862, guid: 1fe1a53cfc612414484b160269dc956b,
        type: 3}
      propertyPath: m_LocalPosition.z
      value: 1.9556274
      objectReference: {fileID: 0}
    - target: {fileID: -4216859302048453862, guid: 1fe1a53cfc612414484b160269dc956b,
        type: 3}
      propertyPath: m_LocalRotation.x
      value: -0
      objectReference: {fileID: 0}
    - target: {fileID: -4216859302048453862, guid: 1fe1a53cfc612414484b160269dc956b,
        type: 3}
      propertyPath: m_LocalRotation.y
      value: -0.7071065
      objectReference: {fileID: 0}
    - target: {fileID: -4216859302048453862, guid: 1fe1a53cfc612414484b160269dc956b,
        type: 3}
      propertyPath: m_LocalRotation.z
      value: -0
      objectReference: {fileID: 0}
    - target: {fileID: -4216859302048453862, guid: 1fe1a53cfc612414484b160269dc956b,
        type: 3}
      propertyPath: m_LocalRotation.w
      value: 0.7071072
      objectReference: {fileID: 0}
    - target: {fileID: -4216859302048453862, guid: 1fe1a53cfc612414484b160269dc956b,
        type: 3}
      propertyPath: m_RootOrder
      value: 0
      objectReference: {fileID: 0}
    - target: {fileID: -4216859302048453862, guid: 1fe1a53cfc612414484b160269dc956b,
        type: 3}
      propertyPath: m_LocalEulerAnglesHint.x
      value: 0
      objectReference: {fileID: 0}
    - target: {fileID: -4216859302048453862, guid: 1fe1a53cfc612414484b160269dc956b,
        type: 3}
      propertyPath: m_LocalEulerAnglesHint.y
      value: -90.00001
      objectReference: {fileID: 0}
    - target: {fileID: -4216859302048453862, guid: 1fe1a53cfc612414484b160269dc956b,
        type: 3}
      propertyPath: m_LocalEulerAnglesHint.z
      value: 0
      objectReference: {fileID: 0}
    m_RemovedComponents: []
  m_SourcePrefab: {fileID: 100100000, guid: 1fe1a53cfc612414484b160269dc956b, type: 3}
--- !u!1 &2315572989570966478 stripped
GameObject:
  m_CorrespondingSourceObject: {fileID: 6080596665305963236, guid: 1fe1a53cfc612414484b160269dc956b,
    type: 3}
  m_PrefabInstance: {fileID: 8376712001298200874}
  m_PrefabAsset: {fileID: 0}
--- !u!1 &6461584060943989803 stripped
GameObject:
  m_CorrespondingSourceObject: {fileID: -5914308947006388991, guid: 1fe1a53cfc612414484b160269dc956b,
    type: 3}
  m_PrefabInstance: {fileID: 8376712001298200874}
  m_PrefabAsset: {fileID: 0}
--- !u!1 &388284611309729330 stripped
GameObject:
  m_CorrespondingSourceObject: {fileID: 8152493775193411352, guid: 1fe1a53cfc612414484b160269dc956b,
    type: 3}
  m_PrefabInstance: {fileID: 8376712001298200874}
  m_PrefabAsset: {fileID: 0}
--- !u!1 &3565526008700239690 stripped
GameObject:
  m_CorrespondingSourceObject: {fileID: -4234716062821710240, guid: 1fe1a53cfc612414484b160269dc956b,
    type: 3}
  m_PrefabInstance: {fileID: 8376712001298200874}
  m_PrefabAsset: {fileID: 0}
--- !u!1 &3130543135314701606 stripped
GameObject:
  m_CorrespondingSourceObject: {fileID: 6859513622370522124, guid: 1fe1a53cfc612414484b160269dc956b,
    type: 3}
  m_PrefabInstance: {fileID: 8376712001298200874}
  m_PrefabAsset: {fileID: 0}
--- !u!1 &6700532634147251629 stripped
GameObject:
  m_CorrespondingSourceObject: {fileID: -6287836789983732601, guid: 1fe1a53cfc612414484b160269dc956b,
    type: 3}
  m_PrefabInstance: {fileID: 8376712001298200874}
  m_PrefabAsset: {fileID: 0}
--- !u!1 &2927475493661710990 stripped
GameObject:
  m_CorrespondingSourceObject: {fileID: -2530895045393947740, guid: 1fe1a53cfc612414484b160269dc956b,
    type: 3}
  m_PrefabInstance: {fileID: 8376712001298200874}
  m_PrefabAsset: {fileID: 0}
--- !u!1 &3058110057613784698 stripped
GameObject:
  m_CorrespondingSourceObject: {fileID: 6787093739417309008, guid: 1fe1a53cfc612414484b160269dc956b,
    type: 3}
  m_PrefabInstance: {fileID: 8376712001298200874}
  m_PrefabAsset: {fileID: 0}
--- !u!1 &5423162069762238088 stripped
GameObject:
  m_CorrespondingSourceObject: {fileID: -4682901362387869790, guid: 1fe1a53cfc612414484b160269dc956b,
    type: 3}
  m_PrefabInstance: {fileID: 8376712001298200874}
  m_PrefabAsset: {fileID: 0}
--- !u!4 &3547354229246579248 stripped
Transform:
  m_CorrespondingSourceObject: {fileID: -4216859302048453862, guid: 1fe1a53cfc612414484b160269dc956b,
    type: 3}
  m_PrefabInstance: {fileID: 8376712001298200874}
  m_PrefabAsset: {fileID: 0}
--- !u!1 &531954963722412067 stripped
GameObject:
  m_CorrespondingSourceObject: {fileID: -927199367670048503, guid: 1fe1a53cfc612414484b160269dc956b,
    type: 3}
  m_PrefabInstance: {fileID: 8376712001298200874}
  m_PrefabAsset: {fileID: 0}
