%YAML 1.1
%TAG !u! tag:unity3d.com,2011:
--- !u!1 &4559917299507240908
GameObject:
  m_ObjectHideFlags: 0
  m_CorrespondingSourceObject: {fileID: 0}
  m_PrefabInstance: {fileID: 0}
  m_PrefabAsset: {fileID: 0}
  serializedVersion: 6
  m_Component:
  - component: {fileID: 4559917299507240907}
  - component: {fileID: 4559917299507240904}
  - component: {fileID: 4559917299507240905}
  - component: {fileID: 4559917299507240910}
  - component: {fileID: 4559917299507240911}
  - component: {fileID: 1115882081245321761}
  - component: {fileID: 1303484642778913132}
  m_Layer: 8
  m_Name: Non-moving platforms
  m_TagString: Platform
  m_Icon: {fileID: 0}
  m_NavMeshLayer: 0
  m_StaticEditorFlags: 0
  m_IsActive: 1
--- !u!4 &4559917299507240907
Transform:
  m_ObjectHideFlags: 0
  m_CorrespondingSourceObject: {fileID: 0}
  m_PrefabInstance: {fileID: 0}
  m_PrefabAsset: {fileID: 0}
  m_GameObject: {fileID: 4559917299507240908}
  m_LocalRotation: {x: 0.00000004696115, y: 0.007894536, z: 0.000000111234414, w: 0.9999689}
  m_LocalPosition: {x: -22.6, y: -4.7, z: 292}
  m_LocalScale: {x: 14, y: 1.4467002, z: 8.850205}
  m_Children:
  - {fileID: 7955359358085571910}
  - {fileID: 7955359356943504351}
  m_Father: {fileID: 0}
  m_RootOrder: 0
  m_LocalEulerAnglesHint: {x: 0, y: 0.90500003, z: 0}
--- !u!33 &4559917299507240904
MeshFilter:
  m_ObjectHideFlags: 0
  m_CorrespondingSourceObject: {fileID: 0}
  m_PrefabInstance: {fileID: 0}
  m_PrefabAsset: {fileID: 0}
  m_GameObject: {fileID: 4559917299507240908}
  m_Mesh: {fileID: 10202, guid: 0000000000000000e000000000000000, type: 0}
--- !u!23 &4559917299507240905
MeshRenderer:
  m_ObjectHideFlags: 0
  m_CorrespondingSourceObject: {fileID: 0}
  m_PrefabInstance: {fileID: 0}
  m_PrefabAsset: {fileID: 0}
  m_GameObject: {fileID: 4559917299507240908}
  m_Enabled: 1
  m_CastShadows: 1
  m_ReceiveShadows: 1
  m_DynamicOccludee: 1
  m_MotionVectors: 1
  m_LightProbeUsage: 1
  m_ReflectionProbeUsage: 1
  m_RenderingLayerMask: 1
  m_RendererPriority: 0
  m_Materials:
  - {fileID: 2100000, guid: f5f64808c5e1adb4aae4fac0eef6147f, type: 2}
  m_StaticBatchInfo:
    firstSubMesh: 0
    subMeshCount: 0
  m_StaticBatchRoot: {fileID: 0}
  m_ProbeAnchor: {fileID: 0}
  m_LightProbeVolumeOverride: {fileID: 0}
  m_ScaleInLightmap: 1
  m_ReceiveGI: 1
  m_PreserveUVs: 0
  m_IgnoreNormalsForChartDetection: 0
  m_ImportantGI: 0
  m_StitchLightmapSeams: 1
  m_SelectedEditorRenderState: 3
  m_MinimumChartSize: 4
  m_AutoUVMaxDistance: 0.5
  m_AutoUVMaxAngle: 89
  m_LightmapParameters: {fileID: 0}
  m_SortingLayerID: 0
  m_SortingLayer: 0
  m_SortingOrder: 0
--- !u!65 &4559917299507240910
BoxCollider:
  m_ObjectHideFlags: 0
  m_CorrespondingSourceObject: {fileID: 0}
  m_PrefabInstance: {fileID: 0}
  m_PrefabAsset: {fileID: 0}
  m_GameObject: {fileID: 4559917299507240908}
  m_Material: {fileID: 0}
  m_IsTrigger: 0
  m_Enabled: 1
  serializedVersion: 2
  m_Size: {x: 1, y: 1, z: 1.0358973}
  m_Center: {x: 6.113165e-10, y: -0.000000115958045, z: -0.017948274}
--- !u!114 &4559917299507240911
MonoBehaviour:
  m_ObjectHideFlags: 0
  m_CorrespondingSourceObject: {fileID: 0}
  m_PrefabInstance: {fileID: 0}
  m_PrefabAsset: {fileID: 0}
  m_GameObject: {fileID: 4559917299507240908}
  m_Enabled: 1
  m_EditorHideFlags: 0
  m_Script: {fileID: 1384774831, guid: e743331561ef77147ae48cda9bcb8209, type: 3}
  m_Name: 
  m_EditorClassIdentifier: 
  fsm:
    dataVersion: 2
    usedInTemplate: {fileID: 0}
    name: FSM
    startState: State 1
    states:
    - name: State 1
      description: 
      colorIndex: 0
      position:
        serializedVersion: 2
        x: 50
        y: 116
        width: 100
        height: 32
      isBreakpoint: 0
      isSequence: 0
      hideUnused: 0
      transitions:
      - fsmEvent:
          name: next
          isSystemEvent: 0
          isGlobal: 0
        toState: State 2
        linkStyle: 0
        linkConstraint: 0
        colorIndex: 0
      actionData:
        actionNames:
        - HutongGames.PlayMaker.Actions.TriggerEvent
        - HutongGames.PlayMaker.Actions.DetachChildren
        customNames:
        - 
        - 
        actionEnabled: 0101
        actionIsOpen: 0101
        actionStartIndex: 0000000005000000
        actionHashCodes: 9c5124008d4bb503
        unityObjectParams: []
        fsmGameObjectParams:
        - useVariable: 1
          name: player
          tooltip: 
          showInInspector: 0
          networkSync: 0
          value: {fileID: 0}
        fsmOwnerDefaultParams:
        - ownerOption: 0
          gameObject:
            useVariable: 0
            name: 
            tooltip: 
            showInInspector: 0
            networkSync: 0
            value: {fileID: 0}
        - ownerOption: 0
          gameObject:
            useVariable: 0
            name: 
            tooltip: 
            showInInspector: 0
            networkSync: 0
            value: {fileID: 0}
        animationCurveParams: []
        functionCallParams: []
        fsmTemplateControlParams: []
        fsmEventTargetParams: []
        fsmPropertyParams: []
        layoutOptionParams: []
        fsmStringParams:
        - useVariable: 0
          name: 
          tooltip: 
          showInInspector: 0
          networkSync: 0
          value: Player
        fsmObjectParams: []
        fsmVarParams: []
        fsmArrayParams: []
        fsmEnumParams: []
        fsmFloatParams: []
        fsmIntParams: []
        fsmBoolParams: []
        fsmVector2Params: []
        fsmVector3Params: []
        fsmColorParams: []
        fsmRectParams: []
        fsmQuaternionParams: []
        stringParams:
        - next
        byteData: 00000000
        arrayParamSizes: 
        arrayParamTypes: []
        customTypeSizes: 
        customTypeNames: []
        paramDataType: 140000000700000012000000170000001300000014000000
        paramName:
        - gameObject
        - trigger
        - collideTag
        - sendEvent
        - storeCollider
        - gameObject
        paramDataPos: 000000000000000000000000000000000000000001000000
        paramByteDataSize: 000000000400000000000000000000000000000000000000
    - name: State 2
      description: 
      colorIndex: 0
      position:
        serializedVersion: 2
        x: 264
        y: 113
        width: 100
        height: 32
      isBreakpoint: 0
      isSequence: 0
      hideUnused: 0
      transitions:
      - fsmEvent:
          name: leave
          isSystemEvent: 0
          isGlobal: 0
        toState: State 1
        linkStyle: 0
        linkConstraint: 0
        colorIndex: 0
      actionData:
        actionNames:
        - HutongGames.PlayMaker.Actions.SetParent
        - HutongGames.PlayMaker.Actions.TriggerEvent
        customNames:
        - 
        - 
        actionEnabled: 0101
        actionIsOpen: 0101
        actionStartIndex: 0000000004000000
        actionHashCodes: ea32a1059c512400
        unityObjectParams: []
        fsmGameObjectParams:
        - useVariable: 0
          name: 
          tooltip: 
          showInInspector: 0
          networkSync: 0
          value: {fileID: 4559917299507240908}
        - useVariable: 1
          name: 
          tooltip: 
          showInInspector: 0
          networkSync: 0
          value: {fileID: 0}
        fsmOwnerDefaultParams:
        - ownerOption: 1
          gameObject:
            useVariable: 1
            name: player
            tooltip: 
            showInInspector: 0
            networkSync: 0
            value: {fileID: 0}
        - ownerOption: 0
          gameObject:
            useVariable: 0
            name: 
            tooltip: 
            showInInspector: 0
            networkSync: 0
            value: {fileID: 0}
        animationCurveParams: []
        functionCallParams: []
        fsmTemplateControlParams: []
        fsmEventTargetParams: []
        fsmPropertyParams: []
        layoutOptionParams: []
        fsmStringParams:
        - useVariable: 0
          name: 
          tooltip: 
          showInInspector: 0
          networkSync: 0
          value: Player
        fsmObjectParams: []
        fsmVarParams: []
        fsmArrayParams: []
        fsmEnumParams: []
        fsmFloatParams: []
        fsmIntParams: []
        fsmBoolParams:
        - useVariable: 0
          name: 
          tooltip: 
          showInInspector: 0
          networkSync: 0
          value: 0
        - useVariable: 0
          name: 
          tooltip: 
          showInInspector: 0
          networkSync: 0
          value: 1
        fsmVector2Params: []
        fsmVector3Params: []
        fsmColorParams: []
        fsmRectParams: []
        fsmQuaternionParams: []
        stringParams:
        - leave
        byteData: 02000000
        arrayParamSizes: 
        arrayParamTypes: []
        customTypeSizes: 
        customTypeNames: []
        paramDataType: 140000001300000011000000110000001400000007000000120000001700000013000000
        paramName:
        - gameObject
        - parent
        - resetLocalPosition
        - resetLocalRotation
        - gameObject
        - trigger
        - collideTag
        - sendEvent
        - storeCollider
        paramDataPos: 000000000000000000000000010000000100000000000000000000000000000001000000
        paramByteDataSize: 000000000000000000000000000000000000000004000000000000000000000000000000
    events:
    - name: leave
      isSystemEvent: 0
      isGlobal: 0
    - name: next
      isSystemEvent: 0
      isGlobal: 0
    globalTransitions: []
    variables:
      floatVariables: []
      intVariables: []
      boolVariables: []
      stringVariables: []
      vector2Variables: []
      vector3Variables: []
      colorVariables: []
      rectVariables: []
      quaternionVariables: []
      gameObjectVariables:
      - useVariable: 1
        name: player
        tooltip: 
        showInInspector: 0
        networkSync: 0
        value: {fileID: 0}
      objectVariables: []
      materialVariables: []
      textureVariables: []
      arrayVariables: []
      enumVariables: []
      categories:
      - 
      variableCategoryIDs: 00000000
    description: 
    docUrl: 
    showStateLabel: 0
    maxLoopCount: 0
    watermark: 
    password: 
    locked: 0
    manualUpdate: 0
    keepDelayedEventsOnStateExit: 0
    preprocessed: 1
    ExposedEvents: []
    RestartOnEnable: 1
    EnableDebugFlow: 0
    EnableBreakpoints: 1
    editorFlags: 1
    activeStateName: 
    mouseEvents: 0
    handleLevelLoaded: 0
    handleTriggerEnter2D: 0
    handleTriggerExit2D: 0
    handleTriggerStay2D: 0
    handleCollisionEnter2D: 0
    handleCollisionExit2D: 0
    handleCollisionStay2D: 0
    handleTriggerEnter: 1
    handleTriggerExit: 1
    handleTriggerStay: 0
    handleCollisionEnter: 0
    handleCollisionExit: 0
    handleCollisionStay: 0
    handleParticleCollision: 0
    handleControllerColliderHit: 0
    handleJointBreak: 0
    handleJointBreak2D: 0
    handleOnGUI: 0
    handleFixedUpdate: 0
    handleLateUpdate: 0
    handleApplicationEvents: 0
    handleUiEvents: 0
    handleLegacyNetworking: 0
    handleAnimatorMove: 0
    handleAnimatorIK: 0
  fsmTemplate: {fileID: 0}
  eventHandlerComponentsAdded: 1
--- !u!114 &1115882081245321761
MonoBehaviour:
  m_ObjectHideFlags: 0
  m_CorrespondingSourceObject: {fileID: 0}
  m_PrefabInstance: {fileID: 0}
  m_PrefabAsset: {fileID: 0}
  m_GameObject: {fileID: 4559917299507240908}
  m_Enabled: 1
  m_EditorHideFlags: 0
  m_Script: {fileID: 82786459, guid: e743331561ef77147ae48cda9bcb8209, type: 3}
  m_Name: 
  m_EditorClassIdentifier: 
  TargetFSMs:
  - {fileID: 4559917299507240911}
--- !u!114 &1303484642778913132
MonoBehaviour:
  m_ObjectHideFlags: 0
  m_CorrespondingSourceObject: {fileID: 0}
  m_PrefabInstance: {fileID: 0}
  m_PrefabAsset: {fileID: 0}
  m_GameObject: {fileID: 4559917299507240908}
  m_Enabled: 1
  m_EditorHideFlags: 0
  m_Script: {fileID: 1144467388, guid: e743331561ef77147ae48cda9bcb8209, type: 3}
  m_Name: 
  m_EditorClassIdentifier: 
  TargetFSMs:
  - {fileID: 4559917299507240911}
--- !u!1001 &4559917299048538211
PrefabInstance:
  m_ObjectHideFlags: 0
  serializedVersion: 2
  m_Modification:
    m_TransformParent: {fileID: 4559917299507240907}
    m_Modifications:
    - target: {fileID: 5849905093264077757, guid: 61bf49e873b558d48a5d5b623415aa5f,
        type: 3}
      propertyPath: m_Name
      value: EnemyBouncer1 (3)
      objectReference: {fileID: 0}
    - target: {fileID: 5849905093264077756, guid: 61bf49e873b558d48a5d5b623415aa5f,
        type: 3}
      propertyPath: m_LocalPosition.x
      value: 0.18
      objectReference: {fileID: 0}
    - target: {fileID: 5849905093264077756, guid: 61bf49e873b558d48a5d5b623415aa5f,
        type: 3}
      propertyPath: m_LocalPosition.y
      value: -0.97
      objectReference: {fileID: 0}
    - target: {fileID: 5849905093264077756, guid: 61bf49e873b558d48a5d5b623415aa5f,
        type: 3}
      propertyPath: m_LocalPosition.z
      value: 0.685
      objectReference: {fileID: 0}
    - target: {fileID: 5849905093264077756, guid: 61bf49e873b558d48a5d5b623415aa5f,
        type: 3}
      propertyPath: m_LocalRotation.x
      value: -0.00000005960463
      objectReference: {fileID: 0}
    - target: {fileID: 5849905093264077756, guid: 61bf49e873b558d48a5d5b623415aa5f,
        type: 3}
      propertyPath: m_LocalRotation.y
      value: -0.9999863
      objectReference: {fileID: 0}
    - target: {fileID: 5849905093264077756, guid: 61bf49e873b558d48a5d5b623415aa5f,
        type: 3}
      propertyPath: m_LocalRotation.z
      value: 0.000000044703473
      objectReference: {fileID: 0}
    - target: {fileID: 5849905093264077756, guid: 61bf49e873b558d48a5d5b623415aa5f,
        type: 3}
      propertyPath: m_LocalRotation.w
      value: -0.005247204
      objectReference: {fileID: 0}
    - target: {fileID: 5849905093264077756, guid: 61bf49e873b558d48a5d5b623415aa5f,
        type: 3}
      propertyPath: m_RootOrder
      value: 1
      objectReference: {fileID: 0}
    - target: {fileID: 5849905093264077756, guid: 61bf49e873b558d48a5d5b623415aa5f,
        type: 3}
      propertyPath: m_LocalEulerAnglesHint.x
      value: 0
      objectReference: {fileID: 0}
    - target: {fileID: 5849905093264077756, guid: 61bf49e873b558d48a5d5b623415aa5f,
        type: 3}
      propertyPath: m_LocalEulerAnglesHint.y
      value: -45.601
      objectReference: {fileID: 0}
    - target: {fileID: 5849905093264077756, guid: 61bf49e873b558d48a5d5b623415aa5f,
        type: 3}
      propertyPath: m_LocalEulerAnglesHint.z
      value: 0
      objectReference: {fileID: 0}
    m_RemovedComponents: []
  m_SourcePrefab: {fileID: 100100000, guid: 61bf49e873b558d48a5d5b623415aa5f, type: 3}
--- !u!4 &7955359356943504351 stripped
Transform:
  m_CorrespondingSourceObject: {fileID: 5849905093264077756, guid: 61bf49e873b558d48a5d5b623415aa5f,
    type: 3}
  m_PrefabInstance: {fileID: 4559917299048538211}
  m_PrefabAsset: {fileID: 0}
--- !u!1001 &4559917300048058106
PrefabInstance:
  m_ObjectHideFlags: 0
  serializedVersion: 2
  m_Modification:
    m_TransformParent: {fileID: 4559917299507240907}
    m_Modifications:
    - target: {fileID: 5849905093264077757, guid: 61bf49e873b558d48a5d5b623415aa5f,
        type: 3}
      propertyPath: m_Name
      value: EnemyBouncer1 (2)
      objectReference: {fileID: 0}
    - target: {fileID: 5849905093264077756, guid: 61bf49e873b558d48a5d5b623415aa5f,
        type: 3}
      propertyPath: m_LocalPosition.x
      value: -0.809
      objectReference: {fileID: 0}
    - target: {fileID: 5849905093264077756, guid: 61bf49e873b558d48a5d5b623415aa5f,
        type: 3}
      propertyPath: m_LocalPosition.y
      value: -0.97
      objectReference: {fileID: 0}
    - target: {fileID: 5849905093264077756, guid: 61bf49e873b558d48a5d5b623415aa5f,
        type: 3}
      propertyPath: m_LocalPosition.z
      value: 0.668
      objectReference: {fileID: 0}
    - target: {fileID: 5849905093264077756, guid: 61bf49e873b558d48a5d5b623415aa5f,
        type: 3}
      propertyPath: m_LocalRotation.x
      value: -0.00000005960463
      objectReference: {fileID: 0}
    - target: {fileID: 5849905093264077756, guid: 61bf49e873b558d48a5d5b623415aa5f,
        type: 3}
      propertyPath: m_LocalRotation.y
      value: -0.9999863
      objectReference: {fileID: 0}
    - target: {fileID: 5849905093264077756, guid: 61bf49e873b558d48a5d5b623415aa5f,
        type: 3}
      propertyPath: m_LocalRotation.z
      value: 0.000000044703473
      objectReference: {fileID: 0}
    - target: {fileID: 5849905093264077756, guid: 61bf49e873b558d48a5d5b623415aa5f,
        type: 3}
      propertyPath: m_LocalRotation.w
      value: -0.005247204
      objectReference: {fileID: 0}
    - target: {fileID: 5849905093264077756, guid: 61bf49e873b558d48a5d5b623415aa5f,
        type: 3}
      propertyPath: m_RootOrder
      value: 0
      objectReference: {fileID: 0}
    - target: {fileID: 5849905093264077756, guid: 61bf49e873b558d48a5d5b623415aa5f,
        type: 3}
      propertyPath: m_LocalEulerAnglesHint.x
      value: 0
      objectReference: {fileID: 0}
    - target: {fileID: 5849905093264077756, guid: 61bf49e873b558d48a5d5b623415aa5f,
        type: 3}
      propertyPath: m_LocalEulerAnglesHint.y
      value: -45.601
      objectReference: {fileID: 0}
    - target: {fileID: 5849905093264077756, guid: 61bf49e873b558d48a5d5b623415aa5f,
        type: 3}
      propertyPath: m_LocalEulerAnglesHint.z
      value: 0
      objectReference: {fileID: 0}
    m_RemovedComponents: []
  m_SourcePrefab: {fileID: 100100000, guid: 61bf49e873b558d48a5d5b623415aa5f, type: 3}
--- !u!4 &7955359358085571910 stripped
Transform:
  m_CorrespondingSourceObject: {fileID: 5849905093264077756, guid: 61bf49e873b558d48a5d5b623415aa5f,
    type: 3}
  m_PrefabInstance: {fileID: 4559917300048058106}
  m_PrefabAsset: {fileID: 0}
